@article{Wu2020,
  doi = {10.1038/s41586-020-2056-8},
  url = {https://doi.org/10.1038/s41586-020-2056-8},
  year = {2020},
  month = feb,
  publisher = {Springer Science and Business Media {LLC}},
  volume = {579},
  number = {7798},
  pages = {274--278},
  author = {Thomas D. Wu and Shravan Madireddi and Patricia E. de Almeida and Romain Banchereau and Ying-Jiun J. Chen and Avantika S. Chitre and Eugene Y. Chiang and Hina Iftikhar and William E. O'Gorman and Amelia Au-Yeung and Chikara Takahashi and Leonard D. Goldstein and Chungkee Poon and Shilpa Keerthivasan and Denise E. de Almeida Nagata and Xiangnan Du and Hyang-Mi Lee and Karl L. Banta and Sanjeev Mariathasan and Meghna Das Thakur and Mahrukh A. Huseni and Marcus Ballinger and Ivette Estay and Patrick Caplazi and Zora Modrusan and L{\'{e}}lia Delamarre and Ira Mellman and Richard Bourgon and Jane L. Grogan},
  title = {Peripheral T cell expansion predicts tumour infiltration and clinical response},
  journal = {Nature}
}

@article{Schuldt2019,
  doi = {10.4049/jimmunol.1800904},
  url = {https://doi.org/10.4049/jimmunol.1800904},
  year = {2019},
  month = jan,
  publisher = {The American Association of Immunologists},
  volume = {202},
  number = {3},
  pages = {637--644},
  author = {Nathaniel J. Schuldt and Bryce A. Binstadt},
  title = {Dual {TCR} T Cells: Identity Crisis or Multitaskers?},
  journal = {The Journal of Immunology}
}

@article{TCRdist,
  doi = {10.1038/nature22383},
  url = {https://doi.org/10.1038/nature22383},
  year = {2017},
  month = jun,
  publisher = {Springer Science and Business Media {LLC}},
  volume = {547},
  number = {7661},
  pages = {89--93},
  author = {Pradyot Dash and Andrew J. Fiore-Gartland and Tomer Hertz and George C. Wang and Shalini Sharma and Aisha Souquette and Jeremy Chase Crawford and E. Bridie Clemens and Thi H. O. Nguyen and Katherine Kedzierska and Nicole L. La Gruta and Philip Bradley and Paul G. Thomas},
  title = {Quantifiable predictive features define epitope-specific T cell receptor repertoires},
  journal = {Nature}
}