@INPROCEEDINGS{Blakley1979,
  AUTHOR    = {Blakley, G. R.},
  BOOKTITLE = {Proceedings of the National Computer Conference},
  DOI       = {10.1109/AFIPS.1979.98},
  LOCATION  = {Los Alamitos, CA, USA},
  PAGES     = {313},
  PUBLISHER = {IEEE Computer Society},
  TITLE     = {{Safeguarding cryptographic keyâ€™s}},
  URL       = {http://www.computer.org/csdl/proceedings/afips/1979/5087/00/50870313-abs.html http://www.computer.org/csdl/proceedings/afips/1979/5087/00/50870313.pdf},
  VOLUME    = {0},
  YEAR      = {1979},
}